<?xml version="1.0" encoding="UTF-8"?>
<collection xmlns="http://www.loc.gov/MARC21/slim">
<record>
  <leader>01158ndm2a22003013i 450 </leader>
  <controlfield tag="001">850600001</controlfield>
  <controlfield tag="003">http://id.sbn.it/bid/MUS0053126</controlfield>
  <controlfield tag="005">20150224140503.9</controlfield>
  <datafield tag="041" ind1=" " ind2=" ">
    <subfield code="a">lat</subfield>
  </datafield>
  <datafield tag="100" ind1=" " ind2="1">
    <subfield code="a">Costantini, Alessandro</subfield>
    <subfield code="f"> &lt;ca. 1581-1657&gt;</subfield>
  </datafield>
  <datafield tag="240" ind1=" " ind2=" ">
    <subfield code="a">O Admirabile Cummercium. Soprano, Contralto, Tenore, Basso</subfield>
  </datafield>
  <datafield tag="245" ind1=" " ind2=" ">
    <subfield code="a">O Admirabile Cummercium</subfield>
  </datafield>
  <datafield tag="500" ind1=" " ind2=" ">
    <subfield code="a">Riproduzione anastatica del manoscritto.</subfield>
  </datafield>
  <datafield tag="852" ind1=" " ind2=" ">
    <subfield code="a">I-Vlevi</subfield>
  </datafield>
  <datafield tag="856" ind1=" " ind2=" ">
    <subfield code="u">http://id.sbn.it/bid/MUS0053126</subfield>
    <subfield code="z">Original catalogue entry</subfield>
  </datafield>
</record>