<record>
  <leader>01899ndm2a22003853i 450 </leader>
  <controlfield tag="001">850600004</controlfield>
  <controlfield tag="003">http://id.sbn.it/bid/MUS0053129</controlfield>
  <controlfield tag="005">20150224132713.4</controlfield>
  <datafield tag="041" ind1=" " ind2=" ">
    <subfield code="a">lat</subfield>
  </datafield>
  <datafield tag="100" ind1=" " ind2="1">
    <subfield code="a">Palestrina, Giovanni Pierluigi : da</subfield>
  </datafield>
  <datafield tag="240" ind1=" " ind2=" ">
    <subfield code="a">Innocentes pro Christe. 3 Canti,Contralto</subfield>
  </datafield>
  <datafield tag="245" ind1=" " ind2=" ">
    <subfield code="a">Innocentes Pro Christo</subfield>
  </datafield>
  <datafield tag="500" ind1=" " ind2=" ">
    <subfield code="a">Riproduzione anastatica del manoscritto.</subfield>
  </datafield>
  <datafield tag="852" ind1=" " ind2=" ">
    <subfield code="a">I-Vlevi</subfield>
  </datafield>
  <datafield tag="856" ind1=" " ind2=" ">
    <subfield code="u">http://id.sbn.it/bid/MUS0053129</subfield>
    <subfield code="z">Original catalogue entry</subfield>
  </datafield>
</record>