<record>
  <leader>00884ndm2a22002653i 450 </leader>
  <controlfield tag="001">850600007</controlfield>
  <controlfield tag="003">http://id.sbn.it/bid/MUS0053132</controlfield>
  <controlfield tag="005">20150224131651.0</controlfield>
  <datafield tag="041" ind1=" " ind2=" ">
    <subfield code="a">lat</subfield>
  </datafield>
  <datafield tag="240" ind1=" " ind2=" ">
    <subfield code="a">Pieces</subfield>
  </datafield>
  <datafield tag="245" ind1=" " ind2=" ">
    <subfield code="a">S. S. Innocentium M. M.</subfield>
  </datafield>
  <datafield tag="500" ind1=" " ind2=" ">
    <subfield code="a">Riproduzione anastatica del manoscritto.</subfield>
  </datafield>
  <datafield tag="773" ind1=" " ind2=" ">
    <subfield code="w">850600064</subfield>
  </datafield>
  <datafield tag="852" ind1=" " ind2=" ">
    <subfield code="a">I-Vlevi</subfield>
    <subfield code="c">A.1404</subfield>
  </datafield>
  <datafield tag="856" ind1=" " ind2=" ">
    <subfield code="u">http://id.sbn.it/bid/MUS0053132</subfield>
    <subfield code="z">Original catalogue entry</subfield>
  </datafield>
</record>