<record>
  <leader>01261ndm2a22003133i 450 </leader>
  <controlfield tag="001">850600010</controlfield>
  <controlfield tag="003">http://id.sbn.it/bid/MUS0053135</controlfield>
  <controlfield tag="005">20150224124827.2</controlfield>
  <datafield tag="041" ind1=" " ind2=" ">
    <subfield code="a">lat</subfield>
  </datafield>
  <datafield tag="100" ind1=" " ind2="1">
    <subfield code="a">Nanino, Giovanni Bernardino</subfield>
  </datafield>
  <datafield tag="240" ind1=" " ind2=" ">
    <subfield code="a">Hic est beatissimus EvangelistaSoprano, Contralto, Tenore, Basso</subfield>
  </datafield>
  <datafield tag="245" ind1=" " ind2=" ">
    <subfield code="a">Hic est beatissimus Evangelista</subfield>
  </datafield>
  <datafield tag="500" ind1=" " ind2=" ">
    <subfield code="a">Riproduzione anastatica del manoscritto.</subfield>
  </datafield>
  <datafield tag="852" ind1=" " ind2=" ">
    <subfield code="a">I-Vlevi</subfield>
  </datafield>
  <datafield tag="856" ind1=" " ind2=" ">
    <subfield code="u">http://id.sbn.it/bid/MUS0053135</subfield>
    <subfield code="z">Original catalogue entry</subfield>
  </datafield>
</record>