<record>
  <leader>01939ndm2a22003973i 450 </leader>
  <controlfield tag="001">850600037</controlfield>
  <controlfield tag="003">http://id.sbn.it/bid/MUS0053149</controlfield>
  <controlfield tag="005">20150224103022.1</controlfield>
  <datafield tag="041" ind1=" " ind2=" ">
    <subfield code="a">lat</subfield>
  </datafield>
  <datafield tag="100" ind1=" " ind2="1">
    <subfield code="a">Palestrina, Giovanni Pierluigi : da</subfield>
  </datafield>
  <datafield tag="240" ind1=" " ind2=" ">
    <subfield code="a">Hodie Christus natus est.2 Canti,Contralto,Tenore</subfield>
  </datafield>
  <datafield tag="245" ind1=" " ind2=" ">
    <subfield code="a">Hodie Christus natus est</subfield>
  </datafield>
  <datafield tag="500" ind1=" " ind2=" ">
    <subfield code="a">Riproduzione anastatica del manoscritto.</subfield>
  </datafield>
  <datafield tag="852" ind1=" " ind2=" ">
    <subfield code="a">I-Vlevi</subfield>
  </datafield>
  <datafield tag="856" ind1=" " ind2=" ">
    <subfield code="u">http://id.sbn.it/bid/MUS0053149</subfield>
    <subfield code="z">Original catalogue entry</subfield>
  </datafield>
</record>