<record>
  <leader>01144ndm2a22003253i 450 </leader>
  <controlfield tag="001">850600050</controlfield>
  <controlfield tag="003">http://id.sbn.it/bid/MUS0053162</controlfield>
  <controlfield tag="005">20150218171310.5</controlfield>
  <datafield tag="041" ind1=" " ind2=" ">
    <subfield code="a">abs</subfield>
  </datafield>
  <datafield tag="100" ind1=" " ind2="1">
    <subfield code="a">Nasco, Giovanni</subfield>
  </datafield>
  <datafield tag="240" ind1=" " ind2=" ">
    <subfield code="a">Ave Maria ...</subfield>
  </datafield>
  <datafield tag="245" ind1=" " ind2=" ">
    <subfield code="a">Ave Maria</subfield>
  </datafield>
  <datafield tag="500" ind1=" " ind2=" ">
    <subfield code="a">Riproduzione anastatica del manoscritto.</subfield>
  </datafield>
  <datafield tag="852" ind1=" " ind2=" ">
    <subfield code="a">I-Vlevi</subfield>
  </datafield>
  <datafield tag="856" ind1=" " ind2=" ">
    <subfield code="u">http://id.sbn.it/bid/MUS0053162</subfield>
    <subfield code="z">Original catalogue entry</subfield>
  </datafield>
</record>