<record>
  <leader>01054ndm2a22002893i 450 </leader>
  <controlfield tag="001">850600063</controlfield>
  <controlfield tag="003">http://id.sbn.it/bid/MUS0053175</controlfield>
  <controlfield tag="005">20150218150547.1</controlfield>
  <datafield tag="041" ind1=" " ind2=" ">
    <subfield code="a">abs</subfield>
  </datafield>
  <datafield tag="240" ind1=" " ind2=" ">
    <subfield code="a">Proprium de Tempore. Soprano, Contralto, Tenore, Basso</subfield>
  </datafield>
  <datafield tag="245" ind1=" " ind2=" ">
    <subfield code="a">Proprium de Tempore</subfield>
  </datafield>
  <datafield tag="500" ind1=" " ind2=" ">
    <subfield code="a">Riproduzione anastatica del manoscritto.</subfield>
  </datafield>
  <datafield tag="657" ind1=" " ind2=" ">
    <subfield code="a">Tempore Adventus</subfield>
  </datafield>
  <datafield tag="773" ind1=" " ind2=" ">
    <subfield code="w">850600064</subfield>
  </datafield>
  <datafield tag="852" ind1=" " ind2=" ">
    <subfield code="a">I-Vlevi</subfield>
  </datafield>
  <datafield tag="856" ind1=" " ind2=" ">
    <subfield code="u">http://id.sbn.it/bid/MUS0053175</subfield>
    <subfield code="z">Original catalogue entry</subfield>
  </datafield>
</record>