<record>
  <leader>00736ndm1a22002533i 450 </leader>
  <controlfield tag="001">850600064</controlfield>
  <controlfield tag="003">http://id.sbn.it/bid/MUS0053176</controlfield>
  <controlfield tag="005">20150218145621.5</controlfield>
  <datafield tag="041" ind1=" " ind2=" ">
    <subfield code="a">abs</subfield>
  </datafield>
  <datafield tag="240" ind1=" " ind2=" ">
    <subfield code="a">Pieces</subfield>
  </datafield>
  <datafield tag="245" ind1=" " ind2=" ">
    <subfield code="a">[Raccolta di mottetti a 4 voci</subfield>
  </datafield>
  <datafield tag="500" ind1=" " ind2=" ">
    <subfield code="a">Riproduzione anastatica del manoscritto</subfield>
  </datafield>
  <datafield tag="500" ind1=" " ind2=" ">
    <subfield code="a">Titolo attribuito.</subfield>
  </datafield>
  <datafield tag="657" ind1=" " ind2=" ">
    <subfield code="a">dell'Avvento e del Tempo Natalizio]</subfield>
  </datafield>
  <datafield tag="852" ind1=" " ind2=" ">
    <subfield code="a">AV0102</subfield>
  </datafield>
  <datafield tag="852" ind1=" " ind2=" ">
    <subfield code="a">I-Vlevi</subfield>
    <subfield code="c">A.1404</subfield>
  </datafield>
  <datafield tag="856" ind1=" " ind2=" ">
    <subfield code="u">http://id.sbn.it/bid/MUS0053176</subfield>
    <subfield code="z">Original catalogue entry</subfield>
  </datafield>
</record>