<record>
  <leader>01207ndm0a22003373i 450 </leader>
  <controlfield tag="001">850600065</controlfield>
  <controlfield tag="003">http://id.sbn.it/bid/MUS0073987</controlfield>
  <controlfield tag="005">20171024171608.1</controlfield>
  <datafield tag="031" ind1=" " ind2=" ">
    <subfield code="p">8-'A2''C'8B6''C'B/4.B{6''CD}4.C{6DE}/'2xGA/</subfield>
    <subfield code="a">1</subfield>
    <subfield code="b">1</subfield>
    <subfield code="m">T</subfield>
    <subfield code="g">G-2</subfield>
    <subfield code="o">4/4</subfield>
    <subfield code="d">[S.i.]</subfield>
  </datafield>
  <datafield tag="041" ind1=" " ind2=" ">
    <subfield code="a">nap</subfield>
  </datafield>
  <datafield tag="100" ind1=" " ind2="1">
    <subfield code="a">Napoli, Jacopo</subfield>
  </datafield>
  <datafield tag="240" ind1=" " ind2=" ">
    <subfield code="a">Terra lontana. Suspire... N.19</subfield>
  </datafield>
  <datafield tag="245" ind1=" " ind2=" ">
    <subfield code="a">Suspire...</subfield>
  </datafield>
  <datafield tag="500" ind1=" " ind2=" ">
    <subfield code="a">Riproduzione xerox di ms.</subfield>
  </datafield>
  <datafield tag="852" ind1=" " ind2=" ">
    <subfield code="a">I-BRc</subfield>
  </datafield>
  <datafield tag="852" ind1=" " ind2=" ">
    <subfield code="a">I-Rama</subfield>
    <subfield code="c">Spart.62</subfield>
  </datafield>
  <datafield tag="856" ind1=" " ind2=" ">
    <subfield code="u">http://id.sbn.it/bid/MUS0073987</subfield>
    <subfield code="z">Original catalogue entry</subfield>
  </datafield>
</record>