<record>
  <leader>01079ndm0a22003013i 450 </leader>
  <controlfield tag="001">850600066</controlfield>
  <controlfield tag="003">http://id.sbn.it/bid/MUS0081989</controlfield>
  <controlfield tag="005">20141009083934.0</controlfield>
  <datafield tag="031" ind1=" " ind2=" ">
    <subfield code="p">'1B2BA''C'B1A2G''C'4AB''2C'4B</subfield>
    <subfield code="a">1</subfield>
    <subfield code="b">1</subfield>
    <subfield code="m">S</subfield>
    <subfield code="g">C1</subfield>
    <subfield code="o">C</subfield>
    <subfield code="t">Donne gentil' in voi si chiara splend' et</subfield>
  </datafield>
  <datafield tag="041" ind1=" " ind2=" ">
    <subfield code="a">ita</subfield>
  </datafield>
  <datafield tag="240" ind1=" " ind2=" ">
    <subfield code="a">Donne gentil' in voi si chiara</subfield>
  </datafield>
  <datafield tag="245" ind1=" " ind2=" ">
    <subfield code="a">A Cinque</subfield>
  </datafield>
  <datafield tag="500" ind1=" " ind2=" ">
    <subfield code="a">Macchie d'inchiostro blu sulla parte di soprano</subfield>
  </datafield>
  <datafield tag="852" ind1=" " ind2=" ">
    <subfield code="a">I-SGc</subfield>
    <subfield code="c">F.S.M.3</subfield>
  </datafield>
  <datafield tag="856" ind1=" " ind2=" ">
    <subfield code="u">http://id.sbn.it/bid/MUS0081989</subfield>
    <subfield code="z">Original catalogue entry</subfield>
  </datafield>
</record>