<record>
  <leader>01095ndm0a22003013i 450 </leader>
  <controlfield tag="001">850600067</controlfield>
  <controlfield tag="003">http://id.sbn.it/bid/MUS0096792</controlfield>
  <controlfield tag="005">20141014110838.6</controlfield>
  <datafield tag="031" ind1=" " ind2=" ">
    <subfield code="p">-9'2D4FGED{8CDEF}2G4GDE,B'CC{8DEFG}4A2G4xF2G</subfield>
    <subfield code="a">1</subfield>
    <subfield code="b">1</subfield>
    <subfield code="m">Mzs</subfield>
    <subfield code="g">C2</subfield>
    <subfield code="o">C</subfield>
    <subfield code="t">D'oro fiammeggian l'onde de bei cerulei campi</subfield>
  </datafield>
  <datafield tag="041" ind1=" " ind2=" ">
    <subfield code="a">ita</subfield>
  </datafield>
  <datafield tag="240" ind1=" " ind2=" ">
    <subfield code="a">D'oro fiammeggian l'onde</subfield>
  </datafield>
  <datafield tag="245" ind1=" " ind2=" ">
    <subfield code="a">D'oro fiammeggian l'onde</subfield>
  </datafield>
  <datafield tag="500" ind1=" " ind2=" ">
    <subfield code="a">Manca certamente una parte di soprano</subfield>
  </datafield>
  <datafield tag="852" ind1=" " ind2=" ">
    <subfield code="a">I-SGc</subfield>
    <subfield code="c">F.S.M.1</subfield>
  </datafield>
  <datafield tag="856" ind1=" " ind2=" ">
    <subfield code="u">http://id.sbn.it/bid/MUS0096792</subfield>
    <subfield code="z">Original catalogue entry</subfield>
  </datafield>
</record>