<record>
  <leader>01017nda2a22002893i 450 </leader>
  <controlfield tag="001">850600072</controlfield>
  <controlfield tag="003">http://id.sbn.it/bid/MSM0251931</controlfield>
  <controlfield tag="005">20080121191844.5</controlfield>
  <datafield tag="041" ind1=" " ind2=" ">
    <subfield code="a">abs</subfield>
  </datafield>
  <datafield tag="100" ind1=" " ind2="1">
    <subfield code="a">Scarlatti, Domenico</subfield>
  </datafield>
  <datafield tag="240" ind1=" " ind2=" ">
    <subfield code="a">Sonate. Cembalo. K.218. la minore</subfield>
  </datafield>
  <datafield tag="245" ind1=" " ind2=" ">
    <subfield code="a">28</subfield>
  </datafield>
  <datafield tag="852" ind1=" " ind2=" ">
    <subfield code="a">I-PAc</subfield>
    <subfield code="c">Psi.I.48/IV</subfield>
  </datafield>
  <datafield tag="856" ind1=" " ind2=" ">
    <subfield code="u">http://id.sbn.it/bid/MSM0251931</subfield>
    <subfield code="z">Original catalogue entry</subfield>
  </datafield>
</record>