<record>
  <leader>01025nda2a22002893i 450 </leader>
  <controlfield tag="001">850600075</controlfield>
  <controlfield tag="003">http://id.sbn.it/bid/MSM0251947</controlfield>
  <controlfield tag="005">20080121183428.0</controlfield>
  <datafield tag="041" ind1=" " ind2=" ">
    <subfield code="a">abs</subfield>
  </datafield>
  <datafield tag="100" ind1=" " ind2="1">
    <subfield code="a">Scarlatti, Domenico</subfield>
  </datafield>
  <datafield tag="240" ind1=" " ind2=" ">
    <subfield code="a">Sonate. Cembalo. K.229. si bemolle maggiore</subfield>
  </datafield>
  <datafield tag="245" ind1=" " ind2=" ">
    <subfield code="a">14</subfield>
  </datafield>
  <datafield tag="852" ind1=" " ind2=" ">
    <subfield code="a">I-PAc</subfield>
    <subfield code="c">Psi.I.48/V</subfield>
  </datafield>
  <datafield tag="856" ind1=" " ind2=" ">
    <subfield code="u">http://id.sbn.it/bid/MSM0251947</subfield>
    <subfield code="z">Original catalogue entry</subfield>
  </datafield>
</record>