<record>
  <leader>00883ndm2a22002891i 450 </leader>
  <controlfield tag="001">850600116</controlfield>
  <controlfield tag="003">http://id.sbn.it/bid/MUS0136132</controlfield>
  <controlfield tag="005">20070516145408.0</controlfield>
  <datafield tag="041" ind1=" " ind2=" ">
    <subfield code="a">abs</subfield>
  </datafield>
  <datafield tag="100" ind1=" " ind2="1">
    <subfield code="a">Sarti, Giuseppe</subfield>
    <subfield code="f"> &lt;1729-1802&gt;</subfield>
  </datafield>
  <datafield tag="240" ind1=" " ind2=" ">
    <subfield code="a">Versetti. Soprano. re maggiore</subfield>
  </datafield>
  <datafield tag="245" ind1=" " ind2=" ">
    <subfield code="a">Versetti</subfield>
  </datafield>
  <datafield tag="773" ind1=" " ind2=" ">
    <subfield code="w">########</subfield>
  </datafield>
  <datafield tag="852" ind1=" " ind2=" ">
    <subfield code="a">I-Vc</subfield>
    <subfield code="c">Busta  104.7</subfield>
  </datafield>
  <datafield tag="856" ind1=" " ind2=" ">
    <subfield code="u">http://id.sbn.it/bid/MUS0136132</subfield>
    <subfield code="z">Original catalogue entry</subfield>
  </datafield>
</record>