<record>
  <leader>01025ndm2a22002891i 450 </leader>
  <controlfield tag="001">850600119</controlfield>
  <controlfield tag="003">http://id.sbn.it/bid/MUS0136090</controlfield>
  <controlfield tag="005">20070531115414.1</controlfield>
  <datafield tag="041" ind1=" " ind2=" ">
    <subfield code="a">abs</subfield>
  </datafield>
  <datafield tag="100" ind1=" " ind2="1">
    <subfield code="a">Furlanetto, Bonaventura</subfield>
  </datafield>
  <datafield tag="240" ind1=" " ind2=" ">
    <subfield code="a">Alma Redemptoris. Soprano,Orchestra. N.20. mi bemolle maggiore</subfield>
  </datafield>
  <datafield tag="245" ind1=" " ind2=" ">
    <subfield code="a">ALMA REDEMPTORIS</subfield>
  </datafield>
  <datafield tag="773" ind1=" " ind2=" ">
    <subfield code="w">########</subfield>
  </datafield>
  <datafield tag="852" ind1=" " ind2=" ">
    <subfield code="a">I-Vc</subfield>
    <subfield code="c">Busta 104.8</subfield>
  </datafield>
  <datafield tag="856" ind1=" " ind2=" ">
    <subfield code="u">http://id.sbn.it/bid/MUS0136090</subfield>
    <subfield code="z">Original catalogue entry</subfield>
  </datafield>
</record>