<record>
  <leader>01121nda2a22003013i 450 </leader>
  <controlfield tag="001">850600155</controlfield>
  <controlfield tag="003">http://id.sbn.it/bid/MSM0251976</controlfield>
  <controlfield tag="005">20080121180529.4</controlfield>
  <datafield tag="041" ind1=" " ind2=" ">
    <subfield code="a">abs</subfield>
  </datafield>
  <datafield tag="100" ind1=" " ind2="1">
    <subfield code="a">Scarlatti, Domenico</subfield>
  </datafield>
  <datafield tag="240" ind1=" " ind2=" ">
    <subfield code="a">Sonate. Cembalo. K.53. re maggiore</subfield>
  </datafield>
  <datafield tag="245" ind1=" " ind2=" ">
    <subfield code="a">13</subfield>
  </datafield>
  <datafield tag="500" ind1=" " ind2=" ">
    <subfield code="a">A c.25v: Antes de esta sonata se debe taner la q sigue, que es companera, y 1.a deesta.</subfield>
  </datafield>
  <datafield tag="852" ind1=" " ind2=" ">
    <subfield code="a">I-PAc</subfield>
    <subfield code="c">Psi.I.48/VI</subfield>
  </datafield>
  <datafield tag="856" ind1=" " ind2=" ">
    <subfield code="u">http://id.sbn.it/bid/MSM0251976</subfield>
    <subfield code="z">Original catalogue entry</subfield>
  </datafield>
</record>