<record>
  <leader>00862nda2a22002291i 450 </leader>
  <controlfield tag="001">850600184</controlfield>
  <controlfield tag="003">http://id.sbn.it/bid/MUS0136011</controlfield>
  <controlfield tag="005">20130720184948.0</controlfield>
  <datafield tag="041" ind1=" " ind2=" ">
    <subfield code="a">abs</subfield>
  </datafield>
  <datafield tag="240" ind1=" " ind2=" ">
    <subfield code="a">Boh©·me</subfield>
  </datafield>
  <datafield tag="245" ind1=" " ind2=" ">
    <subfield code="a">BOHEME</subfield>
  </datafield>
  <datafield tag="852" ind1=" " ind2=" ">
    <subfield code="a">I-VIb</subfield>
    <subfield code="c">FF.3.1.54.43</subfield>
  </datafield>
  <datafield tag="856" ind1=" " ind2=" ">
    <subfield code="u">http://id.sbn.it/bid/MUS0136011</subfield>
    <subfield code="z">Original catalogue entry</subfield>
  </datafield>
</record>