<record>
  <leader>01313ndm2a22003251i 450 </leader>
  <controlfield tag="001">850600196</controlfield>
  <controlfield tag="003">http://id.sbn.it/bid/MUS0136563</controlfield>
  <controlfield tag="005">20080728112057.4</controlfield>
  <datafield tag="041" ind1=" " ind2=" ">
    <subfield code="a">abs</subfield>
  </datafield>
  <datafield tag="100" ind1=" " ind2="1">
    <subfield code="a">Latilla, Gaetano</subfield>
  </datafield>
  <datafield tag="240" ind1=" " ind2=" ">
    <subfield code="a">Lauda Jerusalem. Coro a 3 voci,Orchestra di archi. N.4. re maggiore</subfield>
  </datafield>
  <datafield tag="245" ind1=" " ind2=" ">
    <subfield code="a">LAUDA JERUSALEM, SALMO 147</subfield>
  </datafield>
  <datafield tag="773" ind1=" " ind2=" ">
    <subfield code="w">########</subfield>
  </datafield>
  <datafield tag="852" ind1=" " ind2=" ">
    <subfield code="a">I-Vc</subfield>
    <subfield code="c">Busta 95.2</subfield>
  </datafield>
  <datafield tag="856" ind1=" " ind2=" ">
    <subfield code="u">http://id.sbn.it/bid/MUS0136563</subfield>
    <subfield code="z">Original catalogue entry</subfield>
  </datafield>
</record>